<?xml version="1.0" encoding="UTF-8"?><collection xmlns="http://www.loc.gov/MARC21/slim"><record><leader>00568nam--2200169-i-4500</leader><controlfield tag="001">000041788</controlfield><controlfield tag="002">20161230</controlfield><controlfield tag="005">20161230201043</controlfield><controlfield tag="008">060222s1000------------r-----000-0-eng-d</controlfield><datafield ind1=" " ind2=" " tag="040"><subfield code="a">IFIN-HH</subfield></datafield><datafield ind1=" " ind2=" " tag="080"><subfield code="a">539.172.3:539.2</subfield></datafield><datafield ind1="1" ind2=" " tag="100"><subfield code="a">Sjorstrom,Jorgen</subfield></datafield><datafield ind1="1" ind2="0" tag="245"><subfield code="a">Mossbauer spectroscopy and theoretical studies of magnetic structures. structures and hyperfine interaction in some transition metal compounds</subfield><subfield code="b">Dissertation</subfield><subfield code="c">Jorgen sjorstrom</subfield></datafield><datafield ind1=" " ind2=" " tag="260"><subfield code="a">Uppsala</subfield><subfield code="b">University</subfield><subfield code="c">1987</subfield></datafield><datafield ind1=" " ind2=" " tag="300"><subfield code="a">/PAG.DIF.</subfield></datafield><datafield ind1=" " ind2=" " tag="852"><subfield code="a">74151</subfield><subfield code="c">539.163.2</subfield></datafield><datafield ind1=" " ind2=" " tag="CAT"><subfield code="a">Sys</subfield><subfield code="c">20120528</subfield><subfield code="h">131004</subfield></datafield></record></collection>